@article{GonzalezDominguez.2015,
    author = {Gonzalez-Dominguez, Javier and Eustis, David and Lopez-Moreno, Ignacio and Senior, Andrew and Beaufays, Francoise and Moreno, Pedro J.},
    year = {2015},
    title = {A Real-Time End-to-End Multilingual Speech Recognition Architecture},
    urldate = {24.05.2018},
    pages = {749--759},
    volume = {9},
    number = {4},
    issn = {1932-4553},
    journal = {IEEE Journal of Selected Topics in Signal Processing},
    doi = {10.1109/JSTSP.2014.2364559}
}
@inproceedings{zeiler.2013,
    title = {On Rectified Linear Units For Speech Processing},
    author = {M.D. Zeiler and M. Ranzato and R. Monga and M. Mao and K. Yang and Q.V. Le and P. Nguyen and A. Senior and V. Vanhoucke and J. Dean and G.E. Hinton},
    year = {2013},
    booktitle = {38th International Conference on Acoustics, Speech and Signal Processing (ICASSP)},
    address = {Vancouver}
}

@Book{bishop.2006,
    author = "Christopher M. Bishop",
    title = "Pattern Recognition and Machine Learning",
    publisher = "Springer",
    year = "2006",
}

@misc{Kulbear.2017,
    abstract = {deep-learning-nano-foundation - Udacity's Deep Learning Nano Foundation program.},
    author = {GitHub},
    year = {2017},
    title = {Kulbear/deep-learning-nano-foundation},
    url = {https://github.com/Kulbear/deep-learning-nano-foundation/wiki/ReLU-and-Softmax-Activation-Functions},
    urldate = {24.05.2018},
    note = {(Accessed on 2018-04-15)}
}

@misc{MLCheatsheet.2017,
    author = {ML Cheatsheet},
    year = {2017},
    title = {Loss Functions — ML Cheatsheet documentation},
    url = {http://ml-cheatsheet.readthedocs.io/en/latest/loss_functions.html},
    urldate = {15.05.2018},
    note = {(Accessed on 2018-05-16)}
}

@misc{Ruder.2017,
    author = {Ruder, Sebastian},
    year = {2017},
    title = {An Overview of Multi-Task Learning in Deep Neural Networks},
    url = {http://ruder.io/multi-task/},
    urldate = {15.05.2018},
    note = {(Accessed on 2018-05-16)}
}

@MISC{Lu_multitasklearning,
    author = {Youyi Lu and Fei Lu and Siddharth Sehgal and Swati Gupta and Jingsheng Du and Chee Hong Tham and Phil Green and Vincent Wan},
    title = {MULTITASK LEARNING IN CONNECTIONIST SPEECH RECOGNITION},
    year = {2015}
}

@article{Bartz.2017,
    author = {Christian Bartz and
 Tom Herold and
 Haojin Yang and
 Christoph Meinel},
    title = {Language Identification Using Deep Convolutional Recurrent Neural
 Networks},
    journal = {CoRR},
    volume = {abs/1708.04811},
    year = {2017},
    url = {http://arxiv.org/abs/1708.04811},
    archivePrefix = {arXiv},
    eprint = {1708.04811},
    timestamp = {Tue, 05 Sep 2017 10:03:46 +0200},
    biburl = {https://dblp.org/rec/bib/journals/corr/abs-1708-04811},
    bibsource = {dblp computer science bibliography, https://dblp.org}
}

@article{Zissman.2001,
    author = {Zissman, Marc A. and Berkling, Kay M.},
    title = {Automatic Language Identification},
    journal = {Speech Commun.},
    issue_date = {August 2001},
    volume = {35},
    number = {1-2},
    month = aug,
    year = {2001},
    issn = {0167-6393},
    pages = {115--124},
    numpages = {10},
    url = {http://dx.doi.org/10.1016/S0167-6393(00)00099-6},
    doi = {10.1016/S0167-6393(00)00099-6},
    acmid = {567566},
    publisher = {Elsevier Science Publishers B. V.},
    address = {Amsterdam, The Netherlands, The Netherlands},
}

@ARTICLE{Gonzalez.2015,
    author = {J. Gonzalez-Dominguez and D. Eustis and I. Lopez-Moreno and A. Senior and F. Beaufays and P. J. Moreno},
    journal = {IEEE Journal of Selected Topics in Signal Processing},
    title = {A Real-Time End-to-End Multilingual Speech Recognition Architecture},
    year = {2015},
    volume = {9},
    number = {4},
    pages = {749-759},
    keywords = {speech recognition;Google;automatic speech recognition systems;end-to-end multilanguage ASR architecture;language identification;monolingual character;monolingual system;nearly-identical latency characteristics;real-time end-to-end multilingual speech recognition architecture;recognition accuracy;single preset language;speech transcriptions;spoken languages;Computer architecture;Google;Pipelines;Real-time systems;Signal processing;Speech;Speech recognition;Automatic speech recognition (ASR);deep neural network (DNN);language identification (LID);multilingual},
    doi = {10.1109/JSTSP.2014.2364559},
    ISSN = {1932-4553},
    month = {June},
}

@inproceedings{Schultz.1998,
    title = {Language independent and language adaptive large vocabulary speech recognition},
    author = {Tanja Schultz and Alexander H. Waibel},
    booktitle = {ICSLP},
    year = {1998}
}

@inproceedings{Niesler.2006,
    title = {Language Identification and Multilingual Speech Recognition Using Discriminatively Trained Acoustic Models},
    author = {Thomas Niesler and Daniel Willett},
    year = {2006}
}

@book{Yu.2014,
    author = {Yu, Dong and Deng, Li},
    title = {Automatic Speech Recognition: A Deep Learning Approach},
    year = {2014},
    isbn = {1447157788, 9781447157786},
    publisher = {Springer Publishing Company, Incorporated},
}

@book{Gary.2018,
    editor = {Simons, Gary F. and Charles D. Fennig},
    publisher = {Dallas, Texas: SIL International. Online version},
    title = {Ethnologue: Languages of the World, Twenty-first edition},
    year = {2018},
    url = {http://www.ethnologue.com},
}

@book{Harris.2004,
    title = {Voice Interaction Design: Crafting the New Conversational Speech Systems},
    author = {Harris, R.A.},
    isbn = {9780080474809},
    series = {Morgan Kaufmann series in interactive technologies},
    url = {https://books.google.de/books?id=92ISybAfXagC},
    year = {2004},
    publisher = {Elsevier Science}
}

@misc{Tom.2016,
    author = {Tom Bäckström},
    title = {Speech Recognition Overview},
    year = {2016},
    publisher = {Aalto University},
    url = {https://mycourses.aalto.fi/pluginfile.php/366508/mod_resource/content/1/slides_recognition_handout.pdf},
    note = "Abgerufen am 15. Juni 2018"
}